<?xml version="1.0" encoding="UTF-8"?><collection xmlns="http://www.loc.gov/MARC21/slim"><record><leader>00307nam--2200121-i-4500</leader><controlfield tag="001">000026136</controlfield><controlfield tag="002">20161230</controlfield><controlfield tag="005">20161230201036</controlfield><controlfield tag="008">060222s1000------------r-----000-0-eng-d</controlfield><datafield ind1=" " ind2=" " tag="080"><subfield code="a">66.04</subfield></datafield><datafield ind1=" " ind2=" " tag="245"><subfield code="a">Kanthal super. standard furnaces</subfield></datafield><datafield ind1=" " ind2=" " tag="260"><subfield code="a">Hallstahammar, Aktiebolaget Kanthal, /1970/. 35p</subfield></datafield><datafield ind1=" " ind2=" " tag="852"><subfield code="a">32529</subfield></datafield></record></collection>